@article{liang2024internal,
  title={Internal consistency and self-feedback in large language models: A survey},
  author={Liang, Xun and Song, Shichao and Zheng, Zifan and Wang, Hanyu and Yu, Qingchen and Li, Xunkai and Li, Rong-Hua and Xiong, Feiyu and Li, Zhiyu},
  journal={arXiv preprint arXiv:2407.14507},
  year={2024}
}
